\begin{thebibliography}{9}


@link{https://creativemarket.com/blog/difference-between-jpg-png-bmp-tiff-images,
title = {JPG, PNG, BMP, and TIFF Images},
url = {https://creativemarket.com/blog/difference-between-jpg-png-bmp-tiff-images},
}

@link{https://www.baeldung.com/cs/energy-image-processing,
title = {What Is “Energy” in Image Processing?},
url = {https://www.baeldung.com/cs/energy-image-processing},
}

@link{https://www.omnicalculator.com/physics/signal-to-noise-ratio,
title = {Signal-to-Noise Ratio Calculator},
url = {https://www.omnicalculator.com/physics/signal-to-noise-ratio},
}

@link{https://chat.openai.com/,
title = {chat GPT-3},
url = {https://chat.openai.com/},
}

@link{https://www.mathworks.com/help/images/ref/imnoise.html,
title = {Add noise to image},
url = {https://www.mathworks.com/help/images/ref/imnoise.html},
}

@link{https://www.mathworks.com/help/matlab/ref/rgb2gray.html,
title = {Convert RGB image or colormap to grayscale},
url = {https://www.mathworks.com/help/matlab/ref/rgb2gray.html},
}

@link{https://www.mathworks.com/help/images/image-import-and-export.html,
title = {Basic Image Import, Processing, and Export},
url = {https://www.mathworks.com/help/images/image-import-and-export.html},
}

@link{https://www.mathworks.com/help/images/ref/medfilt2.html,
title = {2-D median filtering},
url = {https://www.mathworks.com/help/images/ref/medfilt2.html},
}

@link{https://www.geeksforgeeks.org/matlab-ideal-lowpass-filter-in-image-processing/,
title = {MATLAB - Ideal Lowpass Filter in Image Processing},
url = {https://www.geeksforgeeks.org/matlab-ideal-lowpass-filter-in-image-processing/},
}
\end{thebibliography}