\begin{thebibliography}{9}


    @link{https://en.wikipedia.org/wiki/Zigbee,
    title = {Zigbee},
    url = {https://en.wikipedia.org/wiki/Zigbee},
    }
    
    @link{https://www.sciencedirect.com/topics/engineering/zigbee-protocol,
    title = {Zigbee Protocol},
    url = {https://www.sciencedirect.com/topics/engineering/zigbee-protocol},
    }
    
    @link{https://www.techtarget.com/iotagenda/definition/ZigBee,
    title = {Zigbee DEFINITION},
    url = {https://www.techtarget.com/iotagenda/definition/ZigBee},
    }
    
    @link{https://chat.openai.com/,
    title = {chat GPT-3},
    url = {https://chat.openai.com/},
    }
    
    @link{https://www.digi.com/solutions/by-technology/zigbee-wireless-standard,
    title = {Zigbee Wireless Mesh Networking},
    url = {https://www.digi.com/solutions/by-technology/zigbee-wireless-standard},
    }
    
    @link{https://csa-iot.org/all-solutions/zigbee/,
    title = {The Full-Stack Solution for All Smart Devices},
    url = {https://csa-iot.org/all-solutions/zigbee/},
    }

    @link{https://www.homeandsmart.de/zigbee-funkprotokoll-hausautomation,
    title = {What is Zigbee and which Zigbee products are there?},
    url = {https://www.homeandsmart.de/zigbee-funkprotokoll-hausautomation},
    }

    @link{https://www.conrad.de/de/ratgeber/technik-einfach-erklaert/zigbee-standard.html,
    title = {ZigBee standard – simply explained},
    url = {https://www.conrad.de/de/ratgeber/technik-einfach-erklaert/zigbee-standard.html},
    }

    @link{https://spikebot.io/zigbee-and-its-architecture,
    title = {ZIGBEE AND IT’S ARCHITECTURE},
    url = {https://spikebot.io/zigbee-and-its-architecture},
    }
    
    \end{thebibliography}